@manual{vuejs_doc,
        author = {VueJS},
        editor = {VueJS},
        title = {Documentation : \url{https://vuejs.org/v2/guide/}}
}
@manual{plotly_doc,
        author = {Plot.ly},
        editor = {Plotly},
        title = {Documentation : \url{https://plot.ly/javascript/}}
}